{
  "leader": "00947nam a2200241Ii 4500",
  "fields": [
    {
      "001": "bslw09822583"
    },
    {
      "003": "UtOrBLW"
    },
    {
      "005": "20220104161222.0"
    },
    {
      "008": "220104s1973\\\\\\\\nyu\\\\\\\\\\\\l\\\\\\s000\\0\\eng\\u"
    },
    {
      "040": {
        "ind1": "\\",
        "ind2": "\\",
        "subfields": [
          {
            "a": "UtOrBLW"
          },
          {
            "b": "eng"
          },
          {
            "e": "rda"
          },
          {
            "c": "UtOrBLW"
          }
        ]
      }
    },
    {
      "043": {
        "ind1": "\\",
        "ind2": "\\",
        "subfields": [
          {
            "a": "n-us-ny"
          }
        ]
      }
    },
    {
      "082": {
        "ind1": "0",
        "ind2": "4",
        "subfields": [
          {
            "a": "336.747"
          },
          {
            "b": "NEW"
          }
        ]
      }
    },
    {
      "110": {
        "ind1": "1",
        "ind2": "\\",
        "subfields": [
          {
            "a": "New York (State)."
          },
          {
            "b": "Legislature."
          },
          {
            "b": "Assembly."
          },
          {
            "b": "Committee on Ways and Means."
          }
        ]
      }
    },
    {
      "245": {
        "ind1": "1",
        "ind2": "0",
        "subfields": [
          {
            "a": "Classification of appropriations by the legislature of 1973 /"
          },
          {
            "c": "prepared by The Assembly Ways and Means and Senate Finance Comittees."
          }
        ]
      }
    },
    {
      "264": {
        "ind1": "\\",
        "ind2": "1",
        "subfields": [
          {
            "a": "[New York] :"
          },
          {
            "b": "State of New York,"
          },
          {
            "c": "[1973?]"
          }
        ]
      }
    },
    {
      "300": {
        "ind1": "\\",
        "ind2": "\\",
        "subfields": [
          {
            "a": "1 volume (various pagings) ;"
          },
          {
            "c": "24 cm"
          }
        ]
      }
    },
    {
      "336": {
        "ind1": "\\",
        "ind2": "\\",
        "subfields": [
          {
            "a": "text"
          },
          {
            "b": "txt"
          },
          {
            "2": "rdacontent"
          }
        ]
      }
    },
    {
      "337": {
        "ind1": "\\",
        "ind2": "\\",
        "subfields": [
          {
            "a": "unmediated"
          },
          {
            "b": "n"
          },
          {
            "2": "rdamedia"
          }
        ]
      }
    },
    {
      "338": {
        "ind1": "\\",
        "ind2": "\\",
        "subfields": [
          {
            "a": "volume"
          },
          {
            "b": "nc"
          },
          {
            "2": "rdacarrier"
          }
        ]
      }
    },
    {
      "650": {
        "ind1": "\\",
        "ind2": "0",
        "subfields": [
          {
            "a": "Budget"
          },
          {
            "z": "New York (State)"
          }
        ]
      }
    },
    {
      "610": {
        "ind1": "1",
        "ind2": "0",
        "subfields": [
          {
            "a": "New York (State)."
          },
          {
            "b": "Legislature"
          },
          {
            "x": "Appropriations and expenditures."
          }
        ]
      }
    },
    {
      "710": {
        "ind1": "1",
        "ind2": "\\",
        "subfields": [
          {
            "a": "New York (State)."
          },
          {
            "b": "Legislature."
          },
          {
            "b": "Senate."
          },
          {
            "b": "Committee on Finance."
          }
        ]
      }
    },
    {
      "999": {
        "ind1": "\\",
        "ind2": "\\",
        "subfields": [
          {
            "a": "00000000015787"
          }
        ]
      }
    }
  ]
}